%YAML 1.1
%TAG !u! tag:unity3d.com,2011:
--- !u!29 &1
OcclusionCullingSettings:
  m_ObjectHideFlags: 0
  serializedVersion: 2
  m_OcclusionBakeSettings:
    smallestOccluder: 5
    smallestHole: 0.25
    backfaceThreshold: 100
  m_SceneGUID: 00000000000000000000000000000000
  m_OcclusionCullingData: {fileID: 0}
--- !u!104 &2
RenderSettings:
  m_ObjectHideFlags: 0
  serializedVersion: 9
  m_Fog: 0
  m_FogColor: {r: 0.5, g: 0.5, b: 0.5, a: 1}
  m_FogMode: 3
  m_FogDensity: 0.01
  m_LinearFogStart: 0
  m_LinearFogEnd: 300
  m_AmbientSkyColor: {r: 0.212, g: 0.227, b: 0.259, a: 1}
  m_AmbientEquatorColor: {r: 0.114, g: 0.125, b: 0.133, a: 1}
  m_AmbientGroundColor: {r: 0.047, g: 0.043, b: 0.035, a: 1}
  m_AmbientIntensity: 1
  m_AmbientMode: 0
  m_SubtractiveShadowColor: {r: 0.42, g: 0.478, b: 0.627, a: 1}
  m_SkyboxMaterial: {fileID: 10302, guid: 0000000000000000f000000000000000, type: 0}
  m_HaloStrength: 0.5
  m_FlareStrength: 1
  m_FlareFadeSpeed: 3
  m_HaloTexture: {fileID: 0}
  m_SpotCookie: {fileID: 10001, guid: 0000000000000000e000000000000000, type: 0}
  m_DefaultReflectionMode: 0
  m_DefaultReflectionResolution: 128
  m_ReflectionBounces: 1
  m_ReflectionIntensity: 1
  m_CustomReflection: {fileID: 0}
  m_Sun: {fileID: 0}
  m_IndirectSpecularColor: {r: 0, g: 0, b: 0, a: 1}
  m_UseRadianceAmbientProbe: 0
--- !u!157 &3
LightmapSettings:
  m_ObjectHideFlags: 0
  serializedVersion: 11
  m_GIWorkflowMode: 1
  m_GISettings:
    serializedVersion: 2
    m_BounceScale: 1
    m_IndirectOutputScale: 1
    m_AlbedoBoost: 1
    m_EnvironmentLightingMode: 0
    m_EnableBakedLightmaps: 1
    m_EnableRealtimeLightmaps: 1
  m_LightmapEditorSettings:
    serializedVersion: 12
    m_Resolution: 2
    m_BakeResolution: 40
    m_AtlasSize: 1024
    m_AO: 0
    m_AOMaxDistance: 1
    m_CompAOExponent: 1
    m_CompAOExponentDirect: 0
    m_ExtractAmbientOcclusion: 0
    m_Padding: 2
    m_LightmapParameters: {fileID: 0}
    m_LightmapsBakeMode: 1
    m_TextureCompression: 1
    m_FinalGather: 0
    m_FinalGatherFiltering: 1
    m_FinalGatherRayCount: 256
    m_ReflectionCompression: 2
    m_MixedBakeMode: 2
    m_BakeBackend: 1
    m_PVRSampling: 1
    m_PVRDirectSampleCount: 32
    m_PVRSampleCount: 512
    m_PVRBounces: 2
    m_PVREnvironmentSampleCount: 256
    m_PVREnvironmentReferencePointCount: 2048
    m_PVRFilteringMode: 1
    m_PVRDenoiserTypeDirect: 1
    m_PVRDenoiserTypeIndirect: 1
    m_PVRDenoiserTypeAO: 1
    m_PVRFilterTypeDirect: 0
    m_PVRFilterTypeIndirect: 0
    m_PVRFilterTypeAO: 0
    m_PVREnvironmentMIS: 1
    m_PVRCulling: 1
    m_PVRFilteringGaussRadiusDirect: 1
    m_PVRFilteringGaussRadiusIndirect: 5
    m_PVRFilteringGaussRadiusAO: 2
    m_PVRFilteringAtrousPositionSigmaDirect: 0.5
    m_PVRFilteringAtrousPositionSigmaIndirect: 2
    m_PVRFilteringAtrousPositionSigmaAO: 1
    m_ShowResolutionOverlay: 1
    m_ExportTrainingData: 0
  m_LightingDataAsset: {fileID: 0}
  m_UseShadowmask: 1
--- !u!196 &4
NavMeshSettings:
  serializedVersion: 2
  m_ObjectHideFlags: 0
  m_BuildSettings:
    serializedVersion: 2
    agentTypeID: 0
    agentRadius: 0.5
    agentHeight: 2
    agentSlope: 45
    agentClimb: 0.4
    ledgeDropHeight: 0
    maxJumpAcrossDistance: 0
    minRegionArea: 2
    manualCellSize: 0
    cellSize: 0.16666667
    manualTileSize: 0
    tileSize: 256
    accuratePlacement: 0
    debug:
      m_Flags: 0
  m_NavMeshData: {fileID: 0}
--- !u!20 &144366586 stripped
Camera:
  m_CorrespondingSourceObject: {fileID: 1336671146029959261, guid: e545ae5dc4e9b0c49a6c84f529450eb6,
    type: 3}
  m_PrefabInstance: {fileID: 1336671145889076135}
  m_PrefabAsset: {fileID: 0}
--- !u!114 &189178393 stripped
MonoBehaviour:
  m_CorrespondingSourceObject: {fileID: 103231503071876019, guid: d094754377039fd4cbb2160bceb3e7c9,
    type: 3}
  m_PrefabInstance: {fileID: 103231502925181354}
  m_PrefabAsset: {fileID: 0}
  m_GameObject: {fileID: 0}
  m_Enabled: 1
  m_EditorHideFlags: 0
  m_Script: {fileID: 11500000, guid: b9b5387b4d281a14bba53783dff1361f, type: 3}
  m_Name: 
  m_EditorClassIdentifier: 
--- !u!1 &1644503663
GameObject:
  m_ObjectHideFlags: 0
  m_CorrespondingSourceObject: {fileID: 0}
  m_PrefabInstance: {fileID: 0}
  m_PrefabAsset: {fileID: 0}
  serializedVersion: 6
  m_Component:
  - component: {fileID: 1644503666}
  - component: {fileID: 1644503665}
  - component: {fileID: 1644503664}
  m_Layer: 0
  m_Name: EventSystem
  m_TagString: Untagged
  m_Icon: {fileID: 0}
  m_NavMeshLayer: 0
  m_StaticEditorFlags: 0
  m_IsActive: 1
--- !u!114 &1644503664
MonoBehaviour:
  m_ObjectHideFlags: 0
  m_CorrespondingSourceObject: {fileID: 0}
  m_PrefabInstance: {fileID: 0}
  m_PrefabAsset: {fileID: 0}
  m_GameObject: {fileID: 1644503663}
  m_Enabled: 1
  m_EditorHideFlags: 0
  m_Script: {fileID: 1077351063, guid: f70555f144d8491a825f0804e09c671c, type: 3}
  m_Name: 
  m_EditorClassIdentifier: 
  m_HorizontalAxis: Horizontal
  m_VerticalAxis: Vertical
  m_SubmitButton: Submit
  m_CancelButton: Cancel
  m_InputActionsPerSecond: 10
  m_RepeatDelay: 0.5
  m_ForceModuleActive: 0
--- !u!114 &1644503665
MonoBehaviour:
  m_ObjectHideFlags: 0
  m_CorrespondingSourceObject: {fileID: 0}
  m_PrefabInstance: {fileID: 0}
  m_PrefabAsset: {fileID: 0}
  m_GameObject: {fileID: 1644503663}
  m_Enabled: 1
  m_EditorHideFlags: 0
  m_Script: {fileID: -619905303, guid: f70555f144d8491a825f0804e09c671c, type: 3}
  m_Name: 
  m_EditorClassIdentifier: 
  m_FirstSelected: {fileID: 0}
  m_sendNavigationEvents: 1
  m_DragThreshold: 10
--- !u!4 &1644503666
Transform:
  m_ObjectHideFlags: 0
  m_CorrespondingSourceObject: {fileID: 0}
  m_PrefabInstance: {fileID: 0}
  m_PrefabAsset: {fileID: 0}
  m_GameObject: {fileID: 1644503663}
  m_LocalRotation: {x: 0, y: 0, z: 0, w: 1}
  m_LocalPosition: {x: 0, y: 0, z: 0}
  m_LocalScale: {x: 1, y: 1, z: 1}
  m_Children: []
  m_Father: {fileID: 0}
  m_RootOrder: 2
  m_LocalEulerAnglesHint: {x: 0, y: 0, z: 0}
--- !u!114 &2032716600 stripped
MonoBehaviour:
  m_CorrespondingSourceObject: {fileID: 7070136961829218580, guid: 8f25d7fb43c93e540aa6e736b40fc6fe,
    type: 3}
  m_PrefabInstance: {fileID: 4482557565218478671}
  m_PrefabAsset: {fileID: 0}
  m_GameObject: {fileID: 0}
  m_Enabled: 1
  m_EditorHideFlags: 0
  m_Script: {fileID: 11500000, guid: 251cd353a8956ee46867df61138f31f4, type: 3}
  m_Name: 
  m_EditorClassIdentifier: 
--- !u!20 &2082694795 stripped
Camera:
  m_CorrespondingSourceObject: {fileID: 6567257805982384196, guid: a3e8780860dc716448a8c72eab71eb92,
    type: 3}
  m_PrefabInstance: {fileID: 6567257808060720847}
  m_PrefabAsset: {fileID: 0}
--- !u!4 &2140536723 stripped
Transform:
  m_CorrespondingSourceObject: {fileID: 4482557566718064748, guid: 8f25d7fb43c93e540aa6e736b40fc6fe,
    type: 3}
  m_PrefabInstance: {fileID: 4482557565218478671}
  m_PrefabAsset: {fileID: 0}
--- !u!1001 &103231502925181354
PrefabInstance:
  m_ObjectHideFlags: 0
  serializedVersion: 2
  m_Modification:
    m_TransformParent: {fileID: 0}
    m_Modifications:
    - target: {fileID: 103231502211415964, guid: d094754377039fd4cbb2160bceb3e7c9,
        type: 3}
      propertyPath: m_Name
      value: HUD
      objectReference: {fileID: 0}
    - target: {fileID: 103231502211415952, guid: d094754377039fd4cbb2160bceb3e7c9,
        type: 3}
      propertyPath: m_LocalPosition.x
      value: 0
      objectReference: {fileID: 0}
    - target: {fileID: 103231502211415952, guid: d094754377039fd4cbb2160bceb3e7c9,
        type: 3}
      propertyPath: m_LocalPosition.y
      value: 0
      objectReference: {fileID: 0}
    - target: {fileID: 103231502211415952, guid: d094754377039fd4cbb2160bceb3e7c9,
        type: 3}
      propertyPath: m_LocalPosition.z
      value: 0
      objectReference: {fileID: 0}
    - target: {fileID: 103231502211415952, guid: d094754377039fd4cbb2160bceb3e7c9,
        type: 3}
      propertyPath: m_LocalRotation.x
      value: 0
      objectReference: {fileID: 0}
    - target: {fileID: 103231502211415952, guid: d094754377039fd4cbb2160bceb3e7c9,
        type: 3}
      propertyPath: m_LocalRotation.y
      value: 0
      objectReference: {fileID: 0}
    - target: {fileID: 103231502211415952, guid: d094754377039fd4cbb2160bceb3e7c9,
        type: 3}
      propertyPath: m_LocalRotation.z
      value: 0
      objectReference: {fileID: 0}
    - target: {fileID: 103231502211415952, guid: d094754377039fd4cbb2160bceb3e7c9,
        type: 3}
      propertyPath: m_LocalRotation.w
      value: 1
      objectReference: {fileID: 0}
    - target: {fileID: 103231502211415952, guid: d094754377039fd4cbb2160bceb3e7c9,
        type: 3}
      propertyPath: m_RootOrder
      value: 1
      objectReference: {fileID: 0}
    - target: {fileID: 103231502211415952, guid: d094754377039fd4cbb2160bceb3e7c9,
        type: 3}
      propertyPath: m_LocalEulerAnglesHint.x
      value: 0
      objectReference: {fileID: 0}
    - target: {fileID: 103231502211415952, guid: d094754377039fd4cbb2160bceb3e7c9,
        type: 3}
      propertyPath: m_LocalEulerAnglesHint.y
      value: 0
      objectReference: {fileID: 0}
    - target: {fileID: 103231502211415952, guid: d094754377039fd4cbb2160bceb3e7c9,
        type: 3}
      propertyPath: m_LocalEulerAnglesHint.z
      value: 0
      objectReference: {fileID: 0}
    - target: {fileID: 103231502211415952, guid: d094754377039fd4cbb2160bceb3e7c9,
        type: 3}
      propertyPath: m_AnchoredPosition.x
      value: 0
      objectReference: {fileID: 0}
    - target: {fileID: 103231502211415952, guid: d094754377039fd4cbb2160bceb3e7c9,
        type: 3}
      propertyPath: m_AnchoredPosition.y
      value: 0
      objectReference: {fileID: 0}
    - target: {fileID: 103231502211415952, guid: d094754377039fd4cbb2160bceb3e7c9,
        type: 3}
      propertyPath: m_SizeDelta.x
      value: 0
      objectReference: {fileID: 0}
    - target: {fileID: 103231502211415952, guid: d094754377039fd4cbb2160bceb3e7c9,
        type: 3}
      propertyPath: m_SizeDelta.y
      value: 0
      objectReference: {fileID: 0}
    - target: {fileID: 103231502211415952, guid: d094754377039fd4cbb2160bceb3e7c9,
        type: 3}
      propertyPath: m_AnchorMin.x
      value: 0
      objectReference: {fileID: 0}
    - target: {fileID: 103231502211415952, guid: d094754377039fd4cbb2160bceb3e7c9,
        type: 3}
      propertyPath: m_AnchorMin.y
      value: 0
      objectReference: {fileID: 0}
    - target: {fileID: 103231502211415952, guid: d094754377039fd4cbb2160bceb3e7c9,
        type: 3}
      propertyPath: m_AnchorMax.x
      value: 0
      objectReference: {fileID: 0}
    - target: {fileID: 103231502211415952, guid: d094754377039fd4cbb2160bceb3e7c9,
        type: 3}
      propertyPath: m_AnchorMax.y
      value: 0
      objectReference: {fileID: 0}
    - target: {fileID: 103231502211415952, guid: d094754377039fd4cbb2160bceb3e7c9,
        type: 3}
      propertyPath: m_Pivot.x
      value: 0
      objectReference: {fileID: 0}
    - target: {fileID: 103231502211415952, guid: d094754377039fd4cbb2160bceb3e7c9,
        type: 3}
      propertyPath: m_Pivot.y
      value: 0
      objectReference: {fileID: 0}
    - target: {fileID: 103231502211415955, guid: d094754377039fd4cbb2160bceb3e7c9,
        type: 3}
      propertyPath: m_Camera
      value: 
      objectReference: {fileID: 2082694795}
    - target: {fileID: 103231502797795370, guid: d094754377039fd4cbb2160bceb3e7c9,
        type: 3}
      propertyPath: m_AnchoredPosition.y
      value: -120.6001
      objectReference: {fileID: 0}
    - target: {fileID: 103231503461359123, guid: d094754377039fd4cbb2160bceb3e7c9,
        type: 3}
      propertyPath: m_AnchorMax.x
      value: 0
      objectReference: {fileID: 0}
    - target: {fileID: 103231503461359123, guid: d094754377039fd4cbb2160bceb3e7c9,
        type: 3}
      propertyPath: m_AnchorMax.y
      value: 0
      objectReference: {fileID: 0}
    - target: {fileID: 103231503299716561, guid: d094754377039fd4cbb2160bceb3e7c9,
        type: 3}
      propertyPath: m_AnchoredPosition.y
      value: 0.97265625
      objectReference: {fileID: 0}
    - target: {fileID: 2215992710342361214, guid: d094754377039fd4cbb2160bceb3e7c9,
        type: 3}
      propertyPath: m_Material
      value: 
      objectReference: {fileID: 2100000, guid: 9e66da23aec63c24082c1ede802d5ae4, type: 2}
    - target: {fileID: 2215992710059233829, guid: d094754377039fd4cbb2160bceb3e7c9,
        type: 3}
      propertyPath: m_Material
      value: 
      objectReference: {fileID: 2100000, guid: 9e66da23aec63c24082c1ede802d5ae4, type: 2}
    - target: {fileID: 2215992711800694682, guid: d094754377039fd4cbb2160bceb3e7c9,
        type: 3}
      propertyPath: m_Material
      value: 
      objectReference: {fileID: 2100000, guid: 9e66da23aec63c24082c1ede802d5ae4, type: 2}
    - target: {fileID: 2215992710027541081, guid: d094754377039fd4cbb2160bceb3e7c9,
        type: 3}
      propertyPath: m_Material
      value: 
      objectReference: {fileID: 2100000, guid: 9e66da23aec63c24082c1ede802d5ae4, type: 2}
    - target: {fileID: 2215992711037864018, guid: d094754377039fd4cbb2160bceb3e7c9,
        type: 3}
      propertyPath: m_Material
      value: 
      objectReference: {fileID: 2100000, guid: 9e66da23aec63c24082c1ede802d5ae4, type: 2}
    - target: {fileID: 2215992711618297783, guid: d094754377039fd4cbb2160bceb3e7c9,
        type: 3}
      propertyPath: m_Material
      value: 
      objectReference: {fileID: 2100000, guid: 9e66da23aec63c24082c1ede802d5ae4, type: 2}
    - target: {fileID: 2215992711669238633, guid: d094754377039fd4cbb2160bceb3e7c9,
        type: 3}
      propertyPath: m_Material
      value: 
      objectReference: {fileID: 2100000, guid: 9e66da23aec63c24082c1ede802d5ae4, type: 2}
    - target: {fileID: 2215992710530305162, guid: d094754377039fd4cbb2160bceb3e7c9,
        type: 3}
      propertyPath: m_Material
      value: 
      objectReference: {fileID: 2100000, guid: 9e66da23aec63c24082c1ede802d5ae4, type: 2}
    - target: {fileID: 2215992710476535536, guid: d094754377039fd4cbb2160bceb3e7c9,
        type: 3}
      propertyPath: m_Material
      value: 
      objectReference: {fileID: 2100000, guid: 9e66da23aec63c24082c1ede802d5ae4, type: 2}
    - target: {fileID: 2215992711661341289, guid: d094754377039fd4cbb2160bceb3e7c9,
        type: 3}
      propertyPath: m_Material
      value: 
      objectReference: {fileID: 2100000, guid: 9e66da23aec63c24082c1ede802d5ae4, type: 2}
    - target: {fileID: 2215992711944443954, guid: d094754377039fd4cbb2160bceb3e7c9,
        type: 3}
      propertyPath: m_Material
      value: 
      objectReference: {fileID: 2100000, guid: 9e66da23aec63c24082c1ede802d5ae4, type: 2}
    - target: {fileID: 2215992710464941453, guid: d094754377039fd4cbb2160bceb3e7c9,
        type: 3}
      propertyPath: m_Material
      value: 
      objectReference: {fileID: 2100000, guid: 9e66da23aec63c24082c1ede802d5ae4, type: 2}
    - target: {fileID: 2215992711967273038, guid: d094754377039fd4cbb2160bceb3e7c9,
        type: 3}
      propertyPath: m_Material
      value: 
      objectReference: {fileID: 2100000, guid: 9e66da23aec63c24082c1ede802d5ae4, type: 2}
    - target: {fileID: 2215992711233028677, guid: d094754377039fd4cbb2160bceb3e7c9,
        type: 3}
      propertyPath: m_Material
      value: 
      objectReference: {fileID: 2100000, guid: 9e66da23aec63c24082c1ede802d5ae4, type: 2}
    - target: {fileID: 2215992710387398048, guid: d094754377039fd4cbb2160bceb3e7c9,
        type: 3}
      propertyPath: m_Material
      value: 
      objectReference: {fileID: 2100000, guid: 9e66da23aec63c24082c1ede802d5ae4, type: 2}
    - target: {fileID: 2215992710333219198, guid: d094754377039fd4cbb2160bceb3e7c9,
        type: 3}
      propertyPath: m_Material
      value: 
      objectReference: {fileID: 2100000, guid: 9e66da23aec63c24082c1ede802d5ae4, type: 2}
    - target: {fileID: 2215992711463405213, guid: d094754377039fd4cbb2160bceb3e7c9,
        type: 3}
      propertyPath: m_Material
      value: 
      objectReference: {fileID: 2100000, guid: 9e66da23aec63c24082c1ede802d5ae4, type: 2}
    - target: {fileID: 2215992711795514599, guid: d094754377039fd4cbb2160bceb3e7c9,
        type: 3}
      propertyPath: m_Material
      value: 
      objectReference: {fileID: 2100000, guid: 9e66da23aec63c24082c1ede802d5ae4, type: 2}
    - target: {fileID: 103231503144918560, guid: d094754377039fd4cbb2160bceb3e7c9,
        type: 3}
      propertyPath: m_Material
      value: 
      objectReference: {fileID: 2100000, guid: 9e66da23aec63c24082c1ede802d5ae4, type: 2}
    - target: {fileID: 103231502928923771, guid: d094754377039fd4cbb2160bceb3e7c9,
        type: 3}
      propertyPath: m_Material
      value: 
      objectReference: {fileID: 2100000, guid: 9e66da23aec63c24082c1ede802d5ae4, type: 2}
    - target: {fileID: 103231502529526212, guid: d094754377039fd4cbb2160bceb3e7c9,
        type: 3}
      propertyPath: m_Material
      value: 
      objectReference: {fileID: 2100000, guid: 9e66da23aec63c24082c1ede802d5ae4, type: 2}
    - target: {fileID: 103231502905582599, guid: d094754377039fd4cbb2160bceb3e7c9,
        type: 3}
      propertyPath: m_Material
      value: 
      objectReference: {fileID: 2100000, guid: 9e66da23aec63c24082c1ede802d5ae4, type: 2}
    - target: {fileID: 103231503774684684, guid: d094754377039fd4cbb2160bceb3e7c9,
        type: 3}
      propertyPath: m_Material
      value: 
      objectReference: {fileID: 2100000, guid: 9e66da23aec63c24082c1ede802d5ae4, type: 2}
    - target: {fileID: 103231502405738985, guid: d094754377039fd4cbb2160bceb3e7c9,
        type: 3}
      propertyPath: m_Material
      value: 
      objectReference: {fileID: 2100000, guid: 9e66da23aec63c24082c1ede802d5ae4, type: 2}
    - target: {fileID: 103231502392530231, guid: d094754377039fd4cbb2160bceb3e7c9,
        type: 3}
      propertyPath: m_Material
      value: 
      objectReference: {fileID: 2100000, guid: 9e66da23aec63c24082c1ede802d5ae4, type: 2}
    - target: {fileID: 103231503476544212, guid: d094754377039fd4cbb2160bceb3e7c9,
        type: 3}
      propertyPath: m_Material
      value: 
      objectReference: {fileID: 2100000, guid: 9e66da23aec63c24082c1ede802d5ae4, type: 2}
    - target: {fileID: 103231503279179950, guid: d094754377039fd4cbb2160bceb3e7c9,
        type: 3}
      propertyPath: m_Material
      value: 
      objectReference: {fileID: 2100000, guid: 9e66da23aec63c24082c1ede802d5ae4, type: 2}
    - target: {fileID: 2215992711271681522, guid: d094754377039fd4cbb2160bceb3e7c9,
        type: 3}
      propertyPath: m_Material
      value: 
      objectReference: {fileID: 2100000, guid: 9e66da23aec63c24082c1ede802d5ae4, type: 2}
    - target: {fileID: 2215992711521263529, guid: d094754377039fd4cbb2160bceb3e7c9,
        type: 3}
      propertyPath: m_Material
      value: 
      objectReference: {fileID: 2100000, guid: 9e66da23aec63c24082c1ede802d5ae4, type: 2}
    - target: {fileID: 2215992710853552662, guid: d094754377039fd4cbb2160bceb3e7c9,
        type: 3}
      propertyPath: m_Material
      value: 
      objectReference: {fileID: 2100000, guid: 9e66da23aec63c24082c1ede802d5ae4, type: 2}
    - target: {fileID: 2215992711518894037, guid: d094754377039fd4cbb2160bceb3e7c9,
        type: 3}
      propertyPath: m_Material
      value: 
      objectReference: {fileID: 2100000, guid: 9e66da23aec63c24082c1ede802d5ae4, type: 2}
    - target: {fileID: 2215992711717029342, guid: d094754377039fd4cbb2160bceb3e7c9,
        type: 3}
      propertyPath: m_Material
      value: 
      objectReference: {fileID: 2100000, guid: 9e66da23aec63c24082c1ede802d5ae4, type: 2}
    - target: {fileID: 2215992710935294523, guid: d094754377039fd4cbb2160bceb3e7c9,
        type: 3}
      propertyPath: m_Material
      value: 
      objectReference: {fileID: 2100000, guid: 9e66da23aec63c24082c1ede802d5ae4, type: 2}
    - target: {fileID: 2215992710984992485, guid: d094754377039fd4cbb2160bceb3e7c9,
        type: 3}
      propertyPath: m_Material
      value: 
      objectReference: {fileID: 2100000, guid: 9e66da23aec63c24082c1ede802d5ae4, type: 2}
    - target: {fileID: 2215992712022737158, guid: d094754377039fd4cbb2160bceb3e7c9,
        type: 3}
      propertyPath: m_Material
      value: 
      objectReference: {fileID: 2100000, guid: 9e66da23aec63c24082c1ede802d5ae4, type: 2}
    - target: {fileID: 2215992711137516412, guid: d094754377039fd4cbb2160bceb3e7c9,
        type: 3}
      propertyPath: m_Material
      value: 
      objectReference: {fileID: 2100000, guid: 9e66da23aec63c24082c1ede802d5ae4, type: 2}
    - target: {fileID: 103231503188971623, guid: d094754377039fd4cbb2160bceb3e7c9,
        type: 3}
      propertyPath: m_AnchoredPosition.y
      value: 0.97509766
      objectReference: {fileID: 0}
    - target: {fileID: 103231501938942169, guid: d094754377039fd4cbb2160bceb3e7c9,
        type: 3}
      propertyPath: m_AnchoredPosition.y
      value: 5.0498047
      objectReference: {fileID: 0}
    m_RemovedComponents: []
  m_SourcePrefab: {fileID: 100100000, guid: d094754377039fd4cbb2160bceb3e7c9, type: 3}
--- !u!1001 &1192932789678546801
PrefabInstance:
  m_ObjectHideFlags: 0
  serializedVersion: 2
  m_Modification:
    m_TransformParent: {fileID: 0}
    m_Modifications:
    - target: {fileID: 1192932790678800335, guid: 99bb6288e2290d04591dd732ad5e0b9d,
        type: 3}
      propertyPath: m_Name
      value: Drawing Brush
      objectReference: {fileID: 0}
    - target: {fileID: 1192932790678800305, guid: 99bb6288e2290d04591dd732ad5e0b9d,
        type: 3}
      propertyPath: m_LocalPosition.x
      value: 1.5
      objectReference: {fileID: 0}
    - target: {fileID: 1192932790678800305, guid: 99bb6288e2290d04591dd732ad5e0b9d,
        type: 3}
      propertyPath: m_LocalPosition.y
      value: -20.2
      objectReference: {fileID: 0}
    - target: {fileID: 1192932790678800305, guid: 99bb6288e2290d04591dd732ad5e0b9d,
        type: 3}
      propertyPath: m_LocalPosition.z
      value: 0
      objectReference: {fileID: 0}
    - target: {fileID: 1192932790678800305, guid: 99bb6288e2290d04591dd732ad5e0b9d,
        type: 3}
      propertyPath: m_LocalRotation.x
      value: 0
      objectReference: {fileID: 0}
    - target: {fileID: 1192932790678800305, guid: 99bb6288e2290d04591dd732ad5e0b9d,
        type: 3}
      propertyPath: m_LocalRotation.y
      value: 0
      objectReference: {fileID: 0}
    - target: {fileID: 1192932790678800305, guid: 99bb6288e2290d04591dd732ad5e0b9d,
        type: 3}
      propertyPath: m_LocalRotation.z
      value: 0
      objectReference: {fileID: 0}
    - target: {fileID: 1192932790678800305, guid: 99bb6288e2290d04591dd732ad5e0b9d,
        type: 3}
      propertyPath: m_LocalRotation.w
      value: 1
      objectReference: {fileID: 0}
    - target: {fileID: 1192932790678800305, guid: 99bb6288e2290d04591dd732ad5e0b9d,
        type: 3}
      propertyPath: m_RootOrder
      value: 4
      objectReference: {fileID: 0}
    - target: {fileID: 1192932790678800305, guid: 99bb6288e2290d04591dd732ad5e0b9d,
        type: 3}
      propertyPath: m_LocalEulerAnglesHint.x
      value: 0
      objectReference: {fileID: 0}
    - target: {fileID: 1192932790678800305, guid: 99bb6288e2290d04591dd732ad5e0b9d,
        type: 3}
      propertyPath: m_LocalEulerAnglesHint.y
      value: 0
      objectReference: {fileID: 0}
    - target: {fileID: 1192932790678800305, guid: 99bb6288e2290d04591dd732ad5e0b9d,
        type: 3}
      propertyPath: m_LocalEulerAnglesHint.z
      value: 0
      objectReference: {fileID: 0}
    - target: {fileID: 320655035, guid: 99bb6288e2290d04591dd732ad5e0b9d, type: 3}
      propertyPath: input
      value: 
      objectReference: {fileID: 189178393}
    - target: {fileID: 320655035, guid: 99bb6288e2290d04591dd732ad5e0b9d, type: 3}
      propertyPath: renderCamera
      value: 
      objectReference: {fileID: 144366586}
    m_RemovedComponents: []
  m_SourcePrefab: {fileID: 100100000, guid: 99bb6288e2290d04591dd732ad5e0b9d, type: 3}
--- !u!1001 &1336671145889076135
PrefabInstance:
  m_ObjectHideFlags: 0
  serializedVersion: 2
  m_Modification:
    m_TransformParent: {fileID: 0}
    m_Modifications:
    - target: {fileID: 1336671146029959262, guid: e545ae5dc4e9b0c49a6c84f529450eb6,
        type: 3}
      propertyPath: m_Name
      value: DrawingRenderCamera
      objectReference: {fileID: 0}
    - target: {fileID: 1336671146029959260, guid: e545ae5dc4e9b0c49a6c84f529450eb6,
        type: 3}
      propertyPath: m_LocalPosition.x
      value: 0
      objectReference: {fileID: 0}
    - target: {fileID: 1336671146029959260, guid: e545ae5dc4e9b0c49a6c84f529450eb6,
        type: 3}
      propertyPath: m_LocalPosition.y
      value: 0
      objectReference: {fileID: 0}
    - target: {fileID: 1336671146029959260, guid: e545ae5dc4e9b0c49a6c84f529450eb6,
        type: 3}
      propertyPath: m_LocalPosition.z
      value: -20
      objectReference: {fileID: 0}
    - target: {fileID: 1336671146029959260, guid: e545ae5dc4e9b0c49a6c84f529450eb6,
        type: 3}
      propertyPath: m_LocalRotation.x
      value: 0
      objectReference: {fileID: 0}
    - target: {fileID: 1336671146029959260, guid: e545ae5dc4e9b0c49a6c84f529450eb6,
        type: 3}
      propertyPath: m_LocalRotation.y
      value: 0
      objectReference: {fileID: 0}
    - target: {fileID: 1336671146029959260, guid: e545ae5dc4e9b0c49a6c84f529450eb6,
        type: 3}
      propertyPath: m_LocalRotation.z
      value: 0
      objectReference: {fileID: 0}
    - target: {fileID: 1336671146029959260, guid: e545ae5dc4e9b0c49a6c84f529450eb6,
        type: 3}
      propertyPath: m_LocalRotation.w
      value: 1
      objectReference: {fileID: 0}
    - target: {fileID: 1336671146029959260, guid: e545ae5dc4e9b0c49a6c84f529450eb6,
        type: 3}
      propertyPath: m_RootOrder
      value: 3
      objectReference: {fileID: 0}
    - target: {fileID: 1336671146029959260, guid: e545ae5dc4e9b0c49a6c84f529450eb6,
        type: 3}
      propertyPath: m_LocalEulerAnglesHint.x
      value: 0
      objectReference: {fileID: 0}
    - target: {fileID: 1336671146029959260, guid: e545ae5dc4e9b0c49a6c84f529450eb6,
        type: 3}
      propertyPath: m_LocalEulerAnglesHint.y
      value: 0
      objectReference: {fileID: 0}
    - target: {fileID: 1336671146029959260, guid: e545ae5dc4e9b0c49a6c84f529450eb6,
        type: 3}
      propertyPath: m_LocalEulerAnglesHint.z
      value: 0
      objectReference: {fileID: 0}
    m_RemovedComponents: []
  m_SourcePrefab: {fileID: 100100000, guid: e545ae5dc4e9b0c49a6c84f529450eb6, type: 3}
--- !u!1001 &4482557565218478671
PrefabInstance:
  m_ObjectHideFlags: 0
  serializedVersion: 2
  m_Modification:
    m_TransformParent: {fileID: 0}
    m_Modifications:
    - target: {fileID: 4482557566718064720, guid: 8f25d7fb43c93e540aa6e736b40fc6fe,
        type: 3}
      propertyPath: m_Name
      value: Player
      objectReference: {fileID: 0}
    - target: {fileID: 4482557566718064748, guid: 8f25d7fb43c93e540aa6e736b40fc6fe,
        type: 3}
      propertyPath: m_LocalPosition.x
      value: 0
      objectReference: {fileID: 0}
    - target: {fileID: 4482557566718064748, guid: 8f25d7fb43c93e540aa6e736b40fc6fe,
        type: 3}
      propertyPath: m_LocalPosition.y
      value: -4.44
      objectReference: {fileID: 0}
    - target: {fileID: 4482557566718064748, guid: 8f25d7fb43c93e540aa6e736b40fc6fe,
        type: 3}
      propertyPath: m_LocalPosition.z
      value: 0
      objectReference: {fileID: 0}
    - target: {fileID: 4482557566718064748, guid: 8f25d7fb43c93e540aa6e736b40fc6fe,
        type: 3}
      propertyPath: m_LocalRotation.x
      value: -0
      objectReference: {fileID: 0}
    - target: {fileID: 4482557566718064748, guid: 8f25d7fb43c93e540aa6e736b40fc6fe,
        type: 3}
      propertyPath: m_LocalRotation.y
      value: -0
      objectReference: {fileID: 0}
    - target: {fileID: 4482557566718064748, guid: 8f25d7fb43c93e540aa6e736b40fc6fe,
        type: 3}
      propertyPath: m_LocalRotation.z
      value: -0
      objectReference: {fileID: 0}
    - target: {fileID: 4482557566718064748, guid: 8f25d7fb43c93e540aa6e736b40fc6fe,
        type: 3}
      propertyPath: m_LocalRotation.w
      value: 1
      objectReference: {fileID: 0}
    - target: {fileID: 4482557566718064748, guid: 8f25d7fb43c93e540aa6e736b40fc6fe,
        type: 3}
      propertyPath: m_RootOrder
      value: 5
      objectReference: {fileID: 0}
    - target: {fileID: 4482557566718064748, guid: 8f25d7fb43c93e540aa6e736b40fc6fe,
        type: 3}
      propertyPath: m_LocalEulerAnglesHint.x
      value: 0
      objectReference: {fileID: 0}
    - target: {fileID: 4482557566718064748, guid: 8f25d7fb43c93e540aa6e736b40fc6fe,
        type: 3}
      propertyPath: m_LocalEulerAnglesHint.y
      value: 0
      objectReference: {fileID: 0}
    - target: {fileID: 4482557566718064748, guid: 8f25d7fb43c93e540aa6e736b40fc6fe,
        type: 3}
      propertyPath: m_LocalEulerAnglesHint.z
      value: 0
      objectReference: {fileID: 0}
    - target: {fileID: 6936048744144755399, guid: 8f25d7fb43c93e540aa6e736b40fc6fe,
        type: 3}
      propertyPath: fightField
      value: 
      objectReference: {fileID: 0}
    - target: {fileID: 6936048744144755399, guid: 8f25d7fb43c93e540aa6e736b40fc6fe,
        type: 3}
      propertyPath: mover
      value: 
      objectReference: {fileID: 0}
    - target: {fileID: 6936048744144755399, guid: 8f25d7fb43c93e540aa6e736b40fc6fe,
        type: 3}
      propertyPath: inputDir
      value: 
      objectReference: {fileID: 189178393}
    - target: {fileID: 6936048744144755399, guid: 8f25d7fb43c93e540aa6e736b40fc6fe,
        type: 3}
      propertyPath: currentType
      value: 0
      objectReference: {fileID: 0}
    - target: {fileID: 6936048744144755399, guid: 8f25d7fb43c93e540aa6e736b40fc6fe,
        type: 3}
      propertyPath: velocity
      value: 7.25
      objectReference: {fileID: 0}
    - target: {fileID: 6936048744144755399, guid: 8f25d7fb43c93e540aa6e736b40fc6fe,
        type: 3}
      propertyPath: indicator
      value: 
      objectReference: {fileID: 2032716600}
    - target: {fileID: 169078470, guid: 8f25d7fb43c93e540aa6e736b40fc6fe, type: 3}
      propertyPath: playerMover
      value: 
      objectReference: {fileID: 0}
    - target: {fileID: 169078470, guid: 8f25d7fb43c93e540aa6e736b40fc6fe, type: 3}
      propertyPath: joystick
      value: 
      objectReference: {fileID: 0}
    - target: {fileID: 7865742657368893474, guid: 8f25d7fb43c93e540aa6e736b40fc6fe,
        type: 3}
      propertyPath: m_Name
      value: SignIndicator
      objectReference: {fileID: 0}
    m_RemovedComponents: []
  m_SourcePrefab: {fileID: 100100000, guid: 8f25d7fb43c93e540aa6e736b40fc6fe, type: 3}
--- !u!1001 &5869838559723157866
PrefabInstance:
  m_ObjectHideFlags: 0
  serializedVersion: 2
  m_Modification:
    m_TransformParent: {fileID: 0}
    m_Modifications:
    - target: {fileID: 5869838561614000183, guid: 05d10ae7712dc0749aab2e4bab759d01,
        type: 3}
      propertyPath: m_Name
      value: Background Back
      objectReference: {fileID: 0}
    - target: {fileID: 5869838561614000181, guid: 05d10ae7712dc0749aab2e4bab759d01,
        type: 3}
      propertyPath: m_LocalPosition.x
      value: -0.1
      objectReference: {fileID: 0}
    - target: {fileID: 5869838561614000181, guid: 05d10ae7712dc0749aab2e4bab759d01,
        type: 3}
      propertyPath: m_LocalPosition.y
      value: 313.06
      objectReference: {fileID: 0}
    - target: {fileID: 5869838561614000181, guid: 05d10ae7712dc0749aab2e4bab759d01,
        type: 3}
      propertyPath: m_LocalPosition.z
      value: 0
      objectReference: {fileID: 0}
    - target: {fileID: 5869838561614000181, guid: 05d10ae7712dc0749aab2e4bab759d01,
        type: 3}
      propertyPath: m_LocalRotation.x
      value: 0
      objectReference: {fileID: 0}
    - target: {fileID: 5869838561614000181, guid: 05d10ae7712dc0749aab2e4bab759d01,
        type: 3}
      propertyPath: m_LocalRotation.y
      value: 0
      objectReference: {fileID: 0}
    - target: {fileID: 5869838561614000181, guid: 05d10ae7712dc0749aab2e4bab759d01,
        type: 3}
      propertyPath: m_LocalRotation.z
      value: 0
      objectReference: {fileID: 0}
    - target: {fileID: 5869838561614000181, guid: 05d10ae7712dc0749aab2e4bab759d01,
        type: 3}
      propertyPath: m_LocalRotation.w
      value: 1
      objectReference: {fileID: 0}
    - target: {fileID: 5869838561614000181, guid: 05d10ae7712dc0749aab2e4bab759d01,
        type: 3}
      propertyPath: m_RootOrder
      value: 6
      objectReference: {fileID: 0}
    - target: {fileID: 5869838561614000181, guid: 05d10ae7712dc0749aab2e4bab759d01,
        type: 3}
      propertyPath: m_LocalEulerAnglesHint.x
      value: 0
      objectReference: {fileID: 0}
    - target: {fileID: 5869838561614000181, guid: 05d10ae7712dc0749aab2e4bab759d01,
        type: 3}
      propertyPath: m_LocalEulerAnglesHint.y
      value: 0
      objectReference: {fileID: 0}
    - target: {fileID: 5869838561614000181, guid: 05d10ae7712dc0749aab2e4bab759d01,
        type: 3}
      propertyPath: m_LocalEulerAnglesHint.z
      value: 0
      objectReference: {fileID: 0}
    m_RemovedComponents: []
  m_SourcePrefab: {fileID: 100100000, guid: 05d10ae7712dc0749aab2e4bab759d01, type: 3}
--- !u!1001 &6567257808060720847
PrefabInstance:
  m_ObjectHideFlags: 0
  serializedVersion: 2
  m_Modification:
    m_TransformParent: {fileID: 0}
    m_Modifications:
    - target: {fileID: 6567257805982384198, guid: a3e8780860dc716448a8c72eab71eb92,
        type: 3}
      propertyPath: m_Name
      value: Main Camera
      objectReference: {fileID: 0}
    - target: {fileID: 6567257805982384195, guid: a3e8780860dc716448a8c72eab71eb92,
        type: 3}
      propertyPath: m_LocalPosition.x
      value: 0
      objectReference: {fileID: 0}
    - target: {fileID: 6567257805982384195, guid: a3e8780860dc716448a8c72eab71eb92,
        type: 3}
      propertyPath: m_LocalPosition.y
      value: 0
      objectReference: {fileID: 0}
    - target: {fileID: 6567257805982384195, guid: a3e8780860dc716448a8c72eab71eb92,
        type: 3}
      propertyPath: m_LocalPosition.z
      value: -20
      objectReference: {fileID: 0}
    - target: {fileID: 6567257805982384195, guid: a3e8780860dc716448a8c72eab71eb92,
        type: 3}
      propertyPath: m_LocalRotation.x
      value: 0
      objectReference: {fileID: 0}
    - target: {fileID: 6567257805982384195, guid: a3e8780860dc716448a8c72eab71eb92,
        type: 3}
      propertyPath: m_LocalRotation.y
      value: 0
      objectReference: {fileID: 0}
    - target: {fileID: 6567257805982384195, guid: a3e8780860dc716448a8c72eab71eb92,
        type: 3}
      propertyPath: m_LocalRotation.z
      value: 0
      objectReference: {fileID: 0}
    - target: {fileID: 6567257805982384195, guid: a3e8780860dc716448a8c72eab71eb92,
        type: 3}
      propertyPath: m_LocalRotation.w
      value: 1
      objectReference: {fileID: 0}
    - target: {fileID: 6567257805982384195, guid: a3e8780860dc716448a8c72eab71eb92,
        type: 3}
      propertyPath: m_RootOrder
      value: 0
      objectReference: {fileID: 0}
    - target: {fileID: 6567257805982384195, guid: a3e8780860dc716448a8c72eab71eb92,
        type: 3}
      propertyPath: m_LocalEulerAnglesHint.x
      value: 0
      objectReference: {fileID: 0}
    - target: {fileID: 6567257805982384195, guid: a3e8780860dc716448a8c72eab71eb92,
        type: 3}
      propertyPath: m_LocalEulerAnglesHint.y
      value: 0
      objectReference: {fileID: 0}
    - target: {fileID: 6567257805982384195, guid: a3e8780860dc716448a8c72eab71eb92,
        type: 3}
      propertyPath: m_LocalEulerAnglesHint.z
      value: 0
      objectReference: {fileID: 0}
    - target: {fileID: 6567257805982384194, guid: a3e8780860dc716448a8c72eab71eb92,
        type: 3}
      propertyPath: target
      value: 
      objectReference: {fileID: 2140536723}
    m_RemovedComponents: []
  m_SourcePrefab: {fileID: 100100000, guid: a3e8780860dc716448a8c72eab71eb92, type: 3}
